<?xml version="1.0" encoding="UTF-8"?><record xmlns="http://www.loc.gov/MARC21/slim" xmlns:cinclude="http://apache.org/cocoon/include/1.0" xmlns:zs="http://www.loc.gov/zing/srw/">
  <leader>00503cz  a2200145n  4500</leader>
  <controlfield tag="001">n  81020248 </controlfield>
  <controlfield tag="003">DLC</controlfield>
  <controlfield tag="005">20090129075445.0</controlfield>
  <controlfield tag="008">810406n| acannaabn          |n aaa      </controlfield>
  <datafield tag="010" ind1=" " ind2=" ">
    <subfield code="a">n  81020248 </subfield>
  </datafield>
  <datafield tag="035" ind1=" " ind2=" ">
    <subfield code="a">(OCoLC)oca00566077</subfield>
  </datafield>
  <datafield tag="040" ind1=" " ind2=" ">
    <subfield code="a">DLC</subfield>
    <subfield code="b">eng</subfield>
    <subfield code="c">DLC</subfield>
    <subfield code="d">OCoLC</subfield>
  </datafield>
  <datafield tag="100" ind1="1" ind2=" ">
    <subfield code="a">Tapia, Claude</subfield>
  </datafield>
  <datafield tag="670" ind1=" " ind2=" ">
    <subfield code="a">Camilleri, C. Jeunesse française et groupes sociaux après mai 1968, 1974.</subfield>
  </datafield>
  <datafield tag="670" ind1=" " ind2=" ">
    <subfield code="a">Author's Colloques et sociétés, 1980:</subfield>
    <subfield code="b">t.p. (Claude Tapia, professeur à l'Université F. Rabelais, Tours)</subfield>
  </datafield>
</record>